<record><leader>00000cas a22000007a 4500</leader><controlfield tag="001">15242956</controlfield><controlfield tag="008">870226d18631866wiuwr ne      0    0eng d</controlfield><datafield ind1=" " ind2=" " tag="010"><subfield code="a">sn 87052248 </subfield></datafield><datafield ind1=" " ind2=" " tag="040"><subfield code="a">NPX</subfield><subfield code="b">eng</subfield><subfield code="c">NPX</subfield><subfield code="d">OCLCQ</subfield></datafield><datafield ind1=" " ind2=" " tag="042"><subfield code="a">msc</subfield></datafield><datafield ind1="0" ind2=" " tag="130"><subfield code="a">Wisconsin Demokrat (Manitowoc, Wis.)</subfield></datafield><datafield ind1="1" ind2="0" tag="245"><subfield code="a">Wisconsin Demokrat.</subfield></datafield><datafield ind1=" " ind2=" " tag="260"><subfield code="a">Manitowoc [Wis.] :</subfield><subfield code="b">Adolph Wallich</subfield></datafield><datafield ind1=" " ind2=" " tag="300"><subfield code="a">v. ;</subfield><subfield code="c">55 cm.</subfield></datafield><datafield ind1=" " ind2=" " tag="310"><subfield code="a">Weekly</subfield></datafield><datafield ind1="1" ind2=" " tag="362"><subfield code="a">Began in 1863; ceased in 1866?</subfield><subfield code="z">Cf. Arndt and Olson. German-language press in the Americas.</subfield></datafield><datafield ind1=" " ind2=" " tag="546"><subfield code="a">In German.</subfield></datafield><datafield ind1=" " ind2=" " tag="588"><subfield code="a">Description based on: Jahrg. 12, Nr. 7 (10. Feb. 1866).</subfield></datafield><datafield ind1=" " ind2=" " tag="752"><subfield code="a">United States</subfield><subfield code="b">Wisconsin</subfield><subfield code="c">Manitowoc</subfield><subfield code="d">Manitowoc.</subfield></datafield><datafield ind1="0" ind2="0" tag="780"><subfield code="t">Demokrat und Union</subfield></datafield></record>